% This file was created with Citavi 6.10.0.0

@book{AlgoGeo.2005,
 author = {{Rolf Klein}},
 year = {2005},
 title = {Algorithmische Geometrie: Grundlagen, Methoden, Anwendungen},
 url = {http://swbplus.bsz-bw.de/bsz264351746cov.htm},
 address = {Berlin, Heidelberg},
 publisher = {{Springer Berlin Heidelberg}},
 isbn = {9783540276197},
 series = {SpringerLink B{\"u}cher},
 doi = {10.1007/3-540-27619-X},
 file = {Algorithmische Geometrie 2005:Attachments/Algorithmische Geometrie 2005.pdf:application/pdf;2005{\_}Book{\_}:Attachments/2005{\_}Book{\_}.pdf:application/pdf}
}


@book{AlgoIng.2018,
 author = {Nahrstedt, Harald},
 year = {2018},
 title = {Algorithmen f{\"u}r Ingenieure: Technische Realisierung mit Excel und VBA},
 address = {Wiesbaden},
 edition = {3. Aufl. 2018},
 publisher = {{Springer Vieweg}},
 isbn = {9783658192990},
 series = {SpringerLink B{\"u}cher},
 doi = {10.1007/978-3-658-19299-0},
 file = {Nahrstedt2018{\_}Book{\_}AlgorithmenF{\"u}rIngenieure:Attachments/Nahrstedt2018{\_}Book{\_}AlgorithmenF{\"u}rIngenieure.pdf:application/pdf}
}


@book{Anforderungsmanagemet.2014,
 author = {Grande, Marcus},
 year = {2014},
 title = {100 Minuten f{\"u}r Anforderungsmanagement},
 address = {Wiesbaden},
 publisher = {{Springer Fachmedien Wiesbaden}},
 isbn = {978-3-658-06434-1},
 doi = {10.1007/978-3-658-06435-8},
 file = {Grande 2014 - 100 Minuten f{\"u}r Anforderungsmanagement:Attachments/Grande 2014 - 100 Minuten f{\"u}r Anforderungsmanagement.pdf:application/pdf;2014{\_}Book{\_}100MinutenF{\"u}rAnforderungsmanag:Attachments/2014{\_}Book{\_}100MinutenF{\"u}rAnforderungsmanag.pdf:application/pdf}
}


@misc{AxelHopner.2020,
 abstract = {Bislang setzen sich Maschinen in Fabrikhallen nur langsam durch, oft sind sie nicht in die Prozesse eingebunden. Firmen wie Arculus wollen das {\"a}ndern.},
 author = {{Axel H{\"o}pner}},
 editor = {Handelsblatt},
 year = {2020},
 title = {Industrie 4.0 : Autonome mobile Roboter stehen vor dem Durchbruch in der Industrie},
 url = {https://www.handelsblatt.com/unternehmen/industrie/industrie-4-0-autonome-mobile-roboter-stehen-vor-dem-durchbruch-in-der-industrie/26624918.html},
 urldate = {25.11.2021},
 file = {Industrie 4.0 (3):Attachments/Industrie 4.0 (3).pdf:application/pdf}
}


@misc{AZDelivery.05.12.2021,
 abstract = {HC-SR04 Ultraschall-Sensor F{\"u}r Arduino, Raspberry Pi und andere Mikrocontroller geeignet Erfassungsbereich: 3cm - 4m Gewohnt hohe Qualit{\"a}t und schnelle Lieferung direkt aus Deutschland durch Bestellung bei AZ-Delivery sowie GRATIS eBook zum Download dazu! Selbstverst{\"a}ndlich erhalten Sie beim Kauf durch AZDelivery volla},
 author = {AZ-Delivery},
 year = {05.12.2021},
 title = {HC-SR04 Ultraschall Modul Entfernungsmesser Sensor f{\"u}r Raspberry Pi},
 urldate = {05.12.2021},
 file = {AZ-Delivery 05.12.2021 - HC-SR04 Ultraschall Modul Entfernungsmesser Sensor:Attachments/AZ-Delivery 05.12.2021 - HC-SR04 Ultraschall Modul Entfernungsmesser Sensor.pdf:application/pdf}
}


@misc{Baumueller.2021,
 abstract = {Mit unserem breit gef{\"a}cherten Dienstleistungsspektrum auf dem Gebiet von L{\"o}sungen f{\"u}r Autonome Mobile Roboter (AMR) sind wir in der Lage, jedem Kunden eine individuelle Systeml{\"o}sung anzubieten.},
 author = {Baumueller},
 year = {2021},
 title = {Autonome Mobile Roboter (AMR)},
 url = {https://www.baumueller.com/de/systeme/amr},
 urldate = {30.11.2021},
 file = {coolcat-creations.com, Baumueller Template made with 3 by 2021 - Autonome Mobile Roboter AMR:Attachments/coolcat-creations.com, Baumueller Template made with 3 by 2021 - Autonome Mobile Roboter AMR.pdf:application/pdf}
}


@book{Berns.2010,
 author = {Berns, Karsten and Schmidt, Daniel},
 year = {2010},
 title = {Programmierung mit LEGO Mindstorms NXT},
 address = {Berlin, Heidelberg},
 publisher = {{Springer Berlin Heidelberg}},
 isbn = {978-3-642-05469-3},
 doi = {10.1007/978-3-642-05470-9},
 file = {Book{\_}Programmierung{\_}NXT:Attachments/Book{\_}Programmierung{\_}NXT.pdf:application/pdf}
}


@misc{Boschdiy.2021,
 abstract = {Roboter-Rasenm{\"a}her Indego S+ 500 von hoher Qualit{\"a}t f{\"u}r Ihr Projekt. ✓Dauerhaft ✓H{\"o}chster Sicherheitsstandard ✓Perfekte Ergebnisse. Lesen Sie mehr!},
 author = {Bosch-diy},
 year = {30.11.2021},
 title = {Indego S+ 500 Roboter-Rasenm{\"a}her | Bosch DIY},
 url = {https://www.bosch-diy.com/de/de/p/indego-s-500-06008b0302-v52902},
 urldate = {30.11.2021},
 file = {Werkzeuge f{\"u}r Heim {\&} Garten 30.11.2021 - Indego S  500 Roboter-Rasenm{\"a}her:Attachments/Werkzeuge f{\"u}r Heim {\&} Garten 30.11.2021 - Indego S  500 Roboter-Rasenm{\"a}her.pdf:application/pdf}
}


@misc{DIN_ISO_Robotik.2021,
 year = {September 2021},
 title = {Robotik - Sicherheitsanforderungen - Teil 1: Industrieroboter (ISO/DIS 10218-1.2:2021); Deutsche und Englische Fassung prEn ISO 10218-1:2021},
 address = {Berlin},
 urldate = {29.11.2021},
 volume = {25.040.30},
 number = {10218-1:2021},
 publisher = {{Beuth Verlag GmbH}},
 author = {{Deutsches Institut f{\"u}r Normung e.V.}},
 file = {DIN{\_}ISO{\_}Robotik:Attachments/DIN{\_}ISO{\_}Robotik.PDF:application/pdf}
}


@article{FranziskaWildPfeiffer.2011,
 author = {{Franziska Wild-Pfeiffer}, Bernhardt Sch{\"a}fer},
 year = {2011},
 title = {MEMS-Sensoren, auch f{\"u}r die Geod{\"a}sie},
 url = {https://geodaesie.info/zfv/heftbeitrag/168},
 urldate = {09.12.2021},
 pages = {30--39},
 volume = {136},
 number = {1/2011},
 journal = {zfv -- Zeitschrift f{\"u}r Geod{\"a}sie, Geoinformation und Landmanagement},
 file = {zfv{\_}2011{\_}1{\_}Wild-Pfeiffer{\_}Schaefer:Attachments/zfv{\_}2011{\_}1{\_}Wild-Pfeiffer{\_}Schaefer.pdf:application/pdf}
}


@book{HandbuchAlgorithmen.2008,
 year = {2008},
 title = {Taschenbuch der Algorithmen},
 url = {http://nbn-resolving.org/urn:nbn:de:bsz:31-epflicht-1587867},
 address = {Berlin, Heidelberg},
 publisher = {{Springer Berlin Heidelberg}},
 isbn = {9783540763949},
 series = {eXamen.press},
 editor = {V{\"o}cking, Berthold and Alt, Helmut and Dietzfelbinger, Martin and Reischuk, R{\"u}diger and Scheideler, Christian and Vollmer, Heribert and Wagner, Dorothea},
 file = {2008{\_}Book{\_}TaschenbuchDerAlgorithmen:Attachments/2008{\_}Book{\_}TaschenbuchDerAlgorithmen.pdf:application/pdf}
}


@book{HandbuchRobotik.2013,
 author = {Haun, Matthias},
 year = {2013},
 title = {Handbuch Robotik},
 address = {Berlin, Heidelberg},
 publisher = {{Springer Berlin Heidelberg}},
 isbn = {978-3-642-39857-5},
 doi = {10.1007/978-3-642-39858-2},
 file = {Haun 2013 - Handbuch Robotik:Attachments/Haun 2013 - Handbuch Robotik.pdf:application/pdf}
}


@misc{iRobot.2021,
 abstract = {Wir stellen vor: Roomba Combo{\circledR}: Saugt und wischt in einem Durchgang. Ihr Zuhause kann jeden Tag das saubere, frische Gef{\"u}hl bieten, das Sie sich w{\"u}nschen.},
 author = {iRobot},
 year = {30.11.2021},
 title = {Roomba Combo Saug- {\&} Wischroboter | iRobot},
 url = {https://www.irobot.de/combo},
 urldate = {30.11.2021},
 file = {Roomba Combo Saug- {\&} Wischroboter 30.11.2021:Attachments/Roomba Combo Saug- {\&} Wischroboter 30.11.2021.pdf:application/pdf}
}


@misc{iRobotHindernissErkennung.2021,
 author = {iRobot},
 year = {30.11.2021},
 title = {iRobot{\circledR} Roomba{\circledR} j7 {\&} iRobot Braava m6},
 url = {https://shop.irobot.de/irobot-roomba-j7-braava-m6/EMEA_j7_m6g.html?lang=de_DE},
 urldate = {30.11.2021},
 file = {iRobot 30.11.2021 - iRobot{\circledR} Roomba{\circledR} j7 {\&} iRobot:Attachments/iRobot 30.11.2021 - iRobot{\circledR} Roomba{\circledR} j7 {\&} iRobot.pdf:application/pdf}
}


@misc{iRootKarte.2021,
 author = {iRobot},
 year = {30.11.2021},
 title = {Bundle aus iRobot{\circledR} Roomba{\circledR} s9+ Saugroboter und Braava jet{\circledR} m6 Wischroboter},
 url = {https://shop.irobot.de/irobot-roomba-s9plus-braava-m6/EU_S9plus_m6.html?lang=de_DE},
 urldate = {30.11.2021},
 file = {Bundle aus iRobot{\circledR} Roomba{\circledR} s9  30.11.2021:Attachments/Bundle aus iRobot{\circledR} Roomba{\circledR} s9  30.11.2021.pdf:application/pdf}
}


@article{KUKA_Roboter.2016,
 abstract = {Der KUKA KMR QUANTEC ist Ihre L{\"o}sung, um gr{\"o}{\ss}te Bauteile zu bearbeiten -- an jedem Einsatzort. Erfahren Sie hier mehr.},
 author = {KUKA},
 year = {18.03.2016},
 title = {KMR QUANTEC},
 url = {https://www.kuka.com/de-de/produkte-leistungen/mobilit%C3%A4t/mobile-roboter/kmr-quantec},
 urldate = {30.11.2021},
 file = {KMR QUANTEC 18.03.2016:Attachments/KMR QUANTEC 18.03.2016.pdf:application/pdf}
}


@book{MobileRobotikEinfuehrung.2002,
 abstract = {Dieses Buch ist eine umfassende Einf{\"u}hrung in die Konzeption und Konstruktion von autonomen mobilen Robotern. Dem Leser werden die Grundlagen dieses komplexen Gebiets anhand von 12 detaillierten Fallstudien vermittelt, die den Bau und die Programmierung von Robotern in der Praxis beschreiben. Dieses Buch wendet sich an einen allgemeinen wissenschaftlichen Leserkreis und ist besonders wertvoll f{\"u}r Ingenieure, Informatiker und Studenten im Bereich der Robotik, der K{\"u}nstlichen Intelligenz, und der Kognitionswissenschaften},
 author = {Nehmzow, Ulrich},
 year = {2002},
 title = {Mobile Robotik: Eine praktische Einf{\"u}hrung},
 address = {Berlin, Heidelberg},
 publisher = {{Springer Berlin Heidelberg}},
 isbn = {9783642559426},
 series = {Springer eBook Collection Computer Science and Engineering},
 doi = {10.1007/978-3-642-55942-6},
 file = {Nehmzow 2002 - Mobile Robotik:Attachments/Nehmzow 2002 - Mobile Robotik.pdf:application/pdf;Nehmzow2002{\_}Book{\_}MobileRobotik:Attachments/Nehmzow2002{\_}Book{\_}MobileRobotik.pdf:application/pdf}
}


@book{Python.2020,
 author = {D{\"o}rn, Sebastian},
 year = {2020},
 title = {Python lernen in abgeschlossenen Lerneinheiten},
 address = {Wiesbaden},
 publisher = {{Springer Fachmedien Wiesbaden}},
 isbn = {978-3-658-26495-6},
 doi = {10.1007/978-3-658-26496-3},
 file = {DÃ{\P}rn2020{\_}Book{\_}PythonLernenInAbgeschlossenenL:Attachments/DÃ{\P}rn2020{\_}Book{\_}PythonLernenInAbgeschlossenenL.pdf:application/pdf}
}


@book{PythonKompendium.2021,
 author = {Schmitt, Sarah},
 year = {2021},
 title = {Python Kompendium: Ein umfassender Einstieg in die Programmierung mit Python 3},
 price = {Hardcover : EUR 26.99 (DE), EUR 27.80 (AT)},
 address = {Deggendorf},
 publisher = {{BMU Media Verlag}},
 isbn = {9783966450492},
 file = {Python{\_}Kompendium{\_}Python{\_}Kompendium:Attachments/Python{\_}Kompendium{\_}Python{\_}Kompendium.pdf:application/pdf}
}


@misc{Retungsroboter.2019,
 abstract = {Das Deutsche Rettungsrobotik-Zentrum will in den kommenden drei Jahren einsatzf{\"a}hige, autonom agierende Roboter f{\"u}r Notf{\"a}lle entwickeln.},
 author = {{Heinz Arnold}},
 editor = {{WEKA FACHMEDIEN GmbH}},
 year = {2019},
 title = {Hilfe bei Katastrophen: Rettungsroboter bis in drei Jahren},
 url = {https://www.elektroniknet.de/automation/rettungsroboter-bis-in-drei-jahren.171694.html},
 address = {elektroniknet},
 urldate = {26.11.2021},
 file = {Heinz Arnold 2019 - Hilfe bei Katastrophen:Attachments/Heinz Arnold 2019 - Hilfe bei Katastrophen.pdf:application/pdf}
}


@book{RoboterInDerBildung.2021,
 author = {Alnajjar, Fady and Bartneck, Christoph and Baxter, Paul and Belpaeme, Tony and Cappuccio, Massimiliano L. and Dio, Cinzia and Eyssel, Friederike and Handke, J{\"u}rgen and Mubin, Omar and Obaid, Mohammad and Reich-Stiebert, Natalia},
 year = {2021},
 title = {Roboter in der Bildung: Wie Robotik das Lernen im digitalen Zeitalter bereichern kann},
 address = {M{\"u}nchen},
 publisher = {{Carl Hanser Verlag GmbH {\&} Co. KG}},
 isbn = {9783446468023},
 series = {Hanser eLibrary},
 doi = {10.3139/9783446468023},
 file = {Roboter{\_}in{\_}der{\_}Bildung:Attachments/Roboter{\_}in{\_}der{\_}Bildung.pdf:application/pdf}
}


@book{RoboterMitRos.2020,
 author = {Calis, Murat},
 year = {2020},
 title = {Roboter mit ROS: Bots konstruieren und mit Open Source programmieren},
 url = {https://search.ebscohost.com/login.aspx?direct=true&scope=site&db=nlebk&db=nlabk&AN=2358671},
 address = {Heidelberg},
 edition = {1. Auflage},
 publisher = {dpunkt.verlag},
 isbn = {9783960884675}
}


@article{RobotikScriptUniUlm.2007,
 author = {{Dr. Mohamed Oubbati}},
 year = {2007},
 title = {Robotik-Skript{\_}07-08},
 url = {https://www.uni-ulm.de/fileadmin/website_uni_ulm/iui.inst.130/Arbeitsgruppen/Robotics/Robotik/Robotik-Skript_07-08.pdf},
 urldate = {27.11.2021},
 file = {Robotik-Skript{\_}07-08:Attachments/Robotik-Skript{\_}07-08.pdf:application/pdf}
}


@book{RobotikSichtInformatik.2012,
 author = {Hertzberg, Joachim and Lingemann, Kai and N{\"u}chter, Andreas},
 year = {2012},
 title = {Mobile Roboter: Eine Einf{\"u}hrung aus Sicht der Informatik},
 url = {http://nbn-resolving.org/urn:nbn:de:bsz:31-epflicht-1624208},
 address = {Berlin, Heidelberg},
 publisher = {{Springer Berlin Heidelberg}},
 isbn = {9783642017261},
 series = {eXamen.press},
 file = {2012{\_}Book{\_}MobileRoboter:Attachments/2012{\_}Book{\_}MobileRoboter.pdf:application/pdf}
}


@misc{ROS_Distributions.2021,
 author = {{ROS Community}},
 year = {23.12.2021},
 title = {Distributions - ROS Wiki},
 url = {http://wiki.ros.org/Distributions},
 urldate = {23.12.2021},
 file = {Distributions 23.12.2021:Attachments/Distributions 23.12.2021.pdf:application/pdf}
}


@misc{ROSIntro.2021,
 author = {{ROS Community}},
 year = {01.12.2021},
 title = {de/ROS/Introduction - ROS Wiki},
 url = {http://wiki.ros.org/de/ROS/Introduction},
 urldate = {01.12.2021},
 file = {de ROS Introduction 01.12.2021:Attachments/de ROS Introduction 01.12.2021.pdf:application/pdf}
}


@misc{ROSKonzept.2021,
 author = {{ROS Community}},
 year = {02.12.2021},
 title = {de/ROS/Concepts - ROS Wiki},
 url = {http://wiki.ros.org/de/ROS/Concepts},
 urldate = {02.12.2021},
 file = {ROS Community 02.12.2021 - de ROS Concepts:Attachments/ROS Community 02.12.2021 - de ROS Concepts.pdf:application/pdf}
}


@book{SensorenAutomation.2014,
 abstract = {Das inhaltlich erweiterte und in Praxis wie Ausbildung gut aufgenommene Buch bietet einen {\"U}berblick {\"u}ber physikalische Grundlagen und Funktionen von Sensoren in der Fabrikautomation. Es ist nach Aufgaben von Sensoren gegliedert und zeigt an vielen Beispielen Wirkungsweise und Anwendung, auch in der Robotik. F{\"u}r Begriffe der Sensorik wird die englische {\"U}bersetzung angegeben. Im Minilexikon werden 264 Fachtermini erkl{\"a}rt.


Intro -- Vorwort zur 6. Auflage -- Vorwort zur 1. Auflage -- Inhaltsverzeichnis -- 1 Sensoren - Sinnesorgane der Technik -- 1.1 Was sind Sensoren? -- 1.2 Einteilung und Begriffe -- 1.3 Aufgaben und nutzbare Effekte -- 1.4 Einsatz und Auswahl -- Literatur -- 2 Sensoren zur Positionserfassung -- 2.1 Elektromechanische und elektrische Positionserfassung -- 2.2 Pneumatische Positionserfassung -- 2.3 Induktive Positionserfassung -- 2.4 Kapazitive Positionserfassung -- 2.5 Magnetinduktive Positionserfassung -- 2.6 Positionserfassung mit Ultraschall -- 2.7 Optoelektronische Positionserfassung -- 2.8 Positionserfassung mit Mikrowellen -- 2.9 Positionserfassung mit Kernstrahlung -- 2.10 F{\"u}ll- und Grenzstandsmessung -- 2.11 Sensoren zur Bahnf{\"u}hrung von Schwei{\ss}robotern -- 2.12 Sensoren f{\"u}r Autonome Mobile Roboter -- 2.13 Sensoren in der Endeffektortechnik -- Literatur -- 3 Sensoren zur Erfassung mechanischer Gr{\"o}{\ss}en -- 3.1 Messung von Kr{\"a}ften -- 3.2 Messung von Drehmomenten -- 3.3 Messung von Beschleunigungen -- 3.4 Bestimmung von Massen -- 3.5 Geschwindigkeitsmessung -- 3.6 Erkennen von Bewegungen -- 3.7 Erfassen von Schwingungen -- Literatur -- 4 Sensoren zur Erfassung fluidischer Gr{\"o}{\ss}en -- 4.1 Druckmessung -- 4.2 Durchflussmessung -- 4.3 Feuchtemessung -- Literatur -- 5 Sensoren zur Erfassung der Temperatur -- 5.1 Allgemeine Grundlagen -- 5.2 Kontaktthermometrische Sensoren -- 5.3 Strahlungsthermometrie -- Literatur -- 6 Sensoren zur Erfassung von Wegen und Winkeln -- 6.1 Allgemeine Grundlagen -- 6.2 Analoge Messverfahren -- 6.3 Digitale Messverfahren -- 6.4 Distanzmessung mit Triangulation -- 6.5 Distanzbestimmung mit Laufzeitmessung -- 6.6 Distanzbestimmung mit Phasenmessung -- 6.7 Magnetostriktive Wegmessung -- 6.8 Neigungsmessung -- Literatur -- 7 Abbildung und Erkennung von Objekten -- 7.1 Allgemeine Grundlagen -- 7.2 Optisch-visuelle Bildaufnahme.},
 author = {Hesse, Stefan},
 year = {2014},
 title = {Sensoren F{\"u}r Die Prozess- und Fabrikautomation: Funktion - Ausf{\"u}hrung - Anwendung},
 url = {https://ebookcentral.proquest.com/lib/kxp/detail.action?docID=1965742},
 address = {Wiesbaden},
 edition = {6th ed.},
 publisher = {{Springer Fachmedien Wiesbaden GmbH}},
 isbn = {9783658058678},
 file = {Sensoren f{\"u}r die Prozess- und Fabrikautomation:Attachments/Sensoren f{\"u}r die Prozess- und Fabrikautomation.pdf:application/pdf}
}


@misc{tagesschau.25.11.2021,
 abstract = {In Schulen kommt es laut RKI derzeit wieder deutlich h{\"a}ufiger zu Corona-Ausbr{\"u}chen. In Portugal f{\"u}hrt die Regierung Beschr{\"a}nkungen ein. Die Entwicklungen vom Donnerstag zum Nachlesen.},
 author = {de, tagesschau},
 year = {25.11.2021},
 title = {Liveblog: ++ RKI: Zahl der Corona-Ausbr{\"u}che in Schulen steigt},
 url = {https://www.tagesschau.de/newsticker/liveblog-coronavirus-donnerstag-271.html},
 urldate = {26.11.2021},
 file = {de 25.11.2021 - Liveblog    RKI:Attachments/de 25.11.2021 - Liveblog    RKI.pdf:application/pdf}
}


@misc{ultraschallsensor.2021,
 author = {{Lukas Honerlage}},
 editor = {{Hochschule Hamm-Lippstadt}},
 year = {19.03.2021},
 title = {Ultraschall Abstandssensor HC-SR04 -- HSHL Mechatronik},
 urldate = {06.12.2021},
 file = {Ultraschall Abstandssensor HC-SR04 19.03.2021:Attachments/Ultraschall Abstandssensor HC-SR04 19.03.2021.pdf:application/pdf}
}


@misc{VDI_Corona_Roboter.2021,
 abstract = {Desinfektion ist nicht nur in Krankenh{\"a}usern ein Thema. Die Corona-Pandemie hat gezeigt, dass es auch an {\"o}ffentlichen Orten und Arbeitspl{\"a}tzen notwendig},
 author = {{Martin Ciupek/IPA}},
 editor = {VDI},
 year = {2021},
 title = {Roboter wischen Corona weg - VDI nachrichten},
 url = {https://www.vdi-nachrichten.com/technik/automation/roboter-wischen-corona-weg/},
 urldate = {25.11.2021},
 file = {Martin Ciupek IPA 2021 - Roboter wischen Corona weg:Attachments/Martin Ciupek IPA 2021 - Roboter wischen Corona weg.pdf:application/pdf}
}


@misc{wikiGyroskope.2021,
 abstract = {A gyroscope (from Ancient Greek \textgreek{g}ῦ\textgreek{ros} g{\^u}ros, {\textquotedbl}circle{\textquotedbl} and \textgreek{skop'ew} skop{\'e}ō, {\textquotedbl}to look{\textquotedbl}) is a device used for measuring or maintaining orientation and angular velocity. It is a spinning wheel or disc in which the axis of rotation (spin axis) is free to assume any orientation by itself. When rotating, the orientation of this axis is unaffected by tilting or rotation of the mounting, according to the conservation of angular momentum.

Gyroscopes based on other operating principles also exist, such as the microchip-packaged MEMS gyroscopes found in electronic devices (sometimes called gyrometers), solid-state ring lasers, fibre optic gyroscopes, and the extremely sensitive quantum gyroscope.Applications of gyroscopes include inertial navigation systems, such as in the Hubble Telescope, or inside the steel hull of a submerged submarine. Due to their precision, gyroscopes are also used in gyrotheodolites to maintain direction in tunnel mining. Gyroscopes can be used to construct gyrocompasses, which complement or replace magnetic compasses (in ships, aircraft and spacecraft, vehicles in general), to assist in stability (bicycles, motorcycles, and ships) or be used as part of an inertial guidance system.

MEMS gyroscopes are popular in some consumer electronics, such as smartphones.},
 editor = {Wikipedia},
 year = {2021},
 title = {Gyroscope},
 url = {https://en.wikipedia.org/w/index.php?title=Gyroscope&oldid=1050926143},
 urldate = {08.12.2021},
 file = {Wikipedia (Hg.) 2021 - Gyroscope:Attachments/Wikipedia (Hg.) 2021 - Gyroscope.pdf:application/pdf}
}


@misc{zbar.2011,
 author = {{Jeff Brown}},
 year = {15.07.2011},
 title = {ZBar bar code reader - About},
 url = {http://zbar.sourceforge.net/about.html},
 urldate = {24.12.2021}
}


